@article{bergstrom2019insights,
  title={Insights into human genetic variation and population history from 929 diverse genomes},
  author={Bergstr{\"o}m, Anders and McCarthy, Shane A and Hui, Ruoyun and Almarri, Mohamed A and Ayub, Qasim and Danecek, Petr and Chen, Yuan and Felkel, Sabine and Hallast, Pille and Kamm, Jack and others},
  journal={bioRxiv},
  pages={674986},
  year={2019},
  publisher={Cold Spring Harbor Laboratory}
}
@article{1000genome2015global,
  title={A global reference for human genetic variation},
  author={1000 Genomes Project Consortium and others},
  journal={Nature},
  volume={526},
  number={7571},
  pages={68--74},
  year={2015},
  publisher={Nature Publishing Group}
}
@misc{vg,
  title = {vg},
  year = {2016},
  publisher = {GitHub},
  journal = {GitHub repository},
  howpublished = {https://github.com/vgteam/vg}},
}

@book{brooker2014principles,
  title={Principles of Biology},
  author={Brooker, Robert},
  year={2014},
  publisher={McGraw Hill Higher Education}
}

@article{barbujani2010human,
  title={Human genome diversity: frequently asked questions},
  author={Barbujani, Guido and Colonna, Vincenza},
  journal={Trends in Genetics},
  volume={26},
  number={7},
  pages={285--295},
  year={2010},
  publisher={Elsevier}
}

@article{rambaut1997seq,
  title={Seq-Gen: an application for the Monte Carlo simulation of DNA sequence evolution along phylogenetic trees},
  author={Rambaut, Andrew and Grass, Nicholas C},
  journal={Bioinformatics},
  volume={13},
  number={3},
  pages={235--238},
  year={1997},
  publisher={Oxford University Press}
}

@article{hudson2004ms,
  title={ms a program for generating samples under neutral models},
  author={Hudson, Richard R},
  year={2004}
}

@article{korf1985depth,
  title={Depth-first iterative-deepening: An optimal admissible tree search},
  author={Korf, Richard E},
  journal={Artificial intelligence},
  volume={27},
  number={1},
  pages={97--109},
  year={1985},
  publisher={Elsevier}
}

@misc{geeksforgeeks.org,
title = "Depth First Search, Breadth First Search",
site = "\urlhttps://www.geeksforgeeks.org/breadth-first-search-or-bfs-for-a-graph"
}

 @misc{wiki:BFS,
author = "{Wikipedia contributors}",
title = "Breadth-first search --- {Wikipedia}{,} The Free Encyclopedia",
year = "2020",
url = "https://en.wikipedia.org/w/index.php?title=Breadth-first_search&oldid=961831766",
note = "[Online; accessed 12-June-2020]"
}

@misc{ wiki:DFS,
    author = "{Wikipedia contributors}",
    title = "Depth-first search --- {Wikipedia}{,} The Free Encyclopedia",
    year = "2020",
    url = "https://en.wikipedia.org/w/index.php?title=Depth-first_search&oldid=961837703",
    note = "[Online; accessed 12-June-2020]"
  }
  
 @inproceedings{beamer2012direction,
  title={Direction-optimizing breadth-first search},
  author={Beamer, Scott and Asanovic, Krste and Patterson, David},
  booktitle={SC'12: Proceedings of the International Conference on High Performance Computing, Networking, Storage and Analysis},
  pages={1--10},
  year={2012},
  organization={IEEE}
}

@article{eizenga2020succinct,
  title={Succinct dynamic variation graphs},
  author={Eizenga, Jordan M and Novak, Adam M and Kobayashi, Emily and Villani, Flavia and Cisar, Cecilia and Heumos, Simon and Hickey, Glenn and Colonna, Vincenza and Paten, Benedict and Garrison, Erik},
  journal={BioRxiv},
  year={2020},
  publisher={Cold Spring Harbor Laboratory}
}

@article{10.1093/bioinformatics/btr330,
    author = {Danecek, Petr and Auton, Adam and Abecasis, Goncalo and Albers, Cornelis A. and Banks, Eric and DePristo, Mark A. and Handsaker, Robert E. and Lunter, Gerton and Marth, Gabor T. and Sherry, Stephen T. and McVean, Gilean and Durbin, Richard and 1000 Genomes Project Analysis Group},
    title = "{The variant call format and VCFtools}",
    journal = {Bioinformatics},
    volume = {27},
    number = {15},
    pages = {2156-2158},
    year = {2011},
    month = {06},
    abstract = "{Summary: The variant call format (VCF) is a generic format for storing DNA polymorphism data such as SNPs, insertions, deletions and structural variants, together with rich annotations. VCF is usually stored in a compressed manner and can be indexed for fast data retrieval of variants from a range of positions on the reference genome. The format was developed for the 1000 Genomes Project, and has also been adopted by other projects such as UK10K, dbSNP and the NHLBI Exome Project. VCFtools is a software suite that implements various utilities for processing VCF files, including validation, merging, comparing and also provides a general Perl API.Availability:http://vcftools.sourceforge.netContact:rd@sanger.ac.uk}",
    issn = {1367-4803},
    doi = {10.1093/bioinformatics/btr330},
    url = {https://doi.org/10.1093/bioinformatics/btr330},
    eprint = {https://academic.oup.com/bioinformatics/article-pdf/27/15/2156/1125001/btr330.pdf},
}

@article{brankovic2016linear,
  title={Linear-time superbubble identification algorithm for genome assembly},
  author={Brankovic, Ljiljana and Iliopoulos, Costas S and Kundu, Ritu and Mohamed, Manal and Pissis, Solon P and Vayani, Fatima},
  journal={Theoretical Computer Science},
  volume={609},
  pages={374--383},
  year={2016},
  publisher={Elsevier}
}
@phdthesis{garrison2019graphical,
  title={Graphical pangenomics},
  author={Garrison, Erik},
  year={2019},
  school={University of Cambridge}
}

@inproceedings{onodera2013detecting,
  title={Detecting superbubbles in assembly graphs},
  author={Onodera, Taku and Sadakane, Kunihiko and Shibuya, Tetsuo},
  booktitle={International Workshop on Algorithms in Bioinformatics},
  pages={338--348},
  year={2013},
  organization={Springer}
}

@book{tiwari2012hla,
  title={HLA and disease associations},
  author={Tiwari, Jawahar L and Terasaki, Paul I},
  year={2012},
  publisher={Springer Science \& Business Media}
}

@article{li2009fast,
  title={Fast and accurate short read alignment with Burrows--Wheeler transform},
  author={Li, Heng and Durbin, Richard},
  journal={bioinformatics},
  volume={25},
  number={14},
  pages={1754--1760},
  year={2009},
  publisher={Oxford University Press}
}

@article{eggertsson2017graphtyper,
  title={Graphtyper enables population-scale genotyping using pangenome graphs},
  author={Eggertsson, Hannes P and Jonsson, Hakon and Kristmundsdottir, Snaedis and Hjartarson, Eirikur and Kehr, Birte and Masson, Gisli and Zink, Florian and Hjorleifsson, Kristjan E and Jonasdottir, Aslaug and Jonasdottir, Adalbjorg and others},
  journal={Nature genetics},
  volume={49},
  number={11},
  pages={1654},
  year={2017},
  publisher={Nature Publishing Group}
}

@article{zakharova2019contribution,
  title={The contribution of major histocompatibility complex class II genes to an association with autoimmune diseases},
  author={Zakharova, M Yu and Belyanina, TA and Sokolov, AV and Kiselev, IS and Mamedov, AE},
  journal={Acta Naturae (англоязычная версия)},
  volume={11},
  number={4 (43)},
  year={2019},
  publisher={Общество с ограниченной ответственностью Парк-медиа}
}

@article{campbell1993map,
  title={Map of the human MHC},
  author={Campbell, R Duncan and Trowsdale, John},
  journal={Immunology today},
  volume={14},
  number={7},
  pages={349--352},
  year={1993},
  publisher={Elsevier Current Trends}
}

@article{paten2018superbubbles,
  title={Superbubbles, ultrabubbles, and cacti},
  author={Paten, Benedict and Eizenga, Jordan M and Rosen, Yohei M and Novak, Adam M and Garrison, Erik and Hickey, Glenn},
  journal={Journal of Computational Biology},
  volume={25},
  number={7},
  pages={649--663},
  year={2018},
  publisher={Mary Ann Liebert, Inc. 140 Huguenot Street, 3rd Floor New Rochelle, NY 10801 USA}
}

@article{eizenga2020pangenome,
    title = {Pangenome Graphs},
    author= {Eizenga, et al.}, 
    journal = {Annual Review of Genomics and Human Genetics},
    year = {2020}
    }
@article{pollex2007copy,
  title={Copy number variation in the human genome and its implications for cardiovascular disease},
  author={Pollex, Rebecca L and Hegele, Robert A},
  journal={Circulation},
  volume={115},
  number={24},
  pages={3130--3138},
  year={2007},
  publisher={Am Heart Assoc}
}


@article{sutton2019radiation,
  title={Radiation tolerance of Nanopore sequencing technology for Life Detection on Mars and europa},
  author={Sutton, Mark A and Burton, Aaron S and Zaikova, Elena and Sutton, Ryan E and Brinckerhoff, William B and Bevilacqua, Julie G and Weng, Margaret M and Mumma, Michael J and Johnson, Sarah Stewart},
  journal={Scientific reports},
  volume={9},
  number={1},
  pages={1--10},
  year={2019},
  publisher={Nature Publishing Group}
}

 @misc{ wiki:nanopore,
    author = "{Wikipedia contributors}",
    title = "Nanopore sequencing --- {Wikipedia}{,} The Free Encyclopedia",
    year = "2020",
    url = "https://en.wikipedia.org/w/index.php?title=Nanopore_sequencing&oldid=960246230",
    note = "[Online; accessed 25-June-2020]"
  }

 @misc{ NIH:genomeprojectFAQ,
    author = "{National Institutes of Health, National Human Genome Research Institute}",
    title = "Human Genome Project FAQ",
    year = "2020",
    url = "https://www.genome.gov/human-genome-project/Completion-FAQ",
    note = "[Online; accessed 1-July-2020]"
  }


@misc{programiz.com,
title = "DFS, BFS",
url = "https://www.programiz.com/dsa/graph-bfs",
}

@misc{vgteam,
title = "vg",
url = "https://nicedoc.io/vgteam/vg",
}

@misc{sequencing,
title = "sangerandNGS",
url = "https://aulascienze.scuola.zanichelli.it/come-te-lo-spiego/2018/04/18/dal-metodo-sanger-a-oggi-40-anni-di-sequenziamento-del-dna/",
}

@article {Sanger5463,
	author = {Sanger, F. and Nicklen, S. and Coulson, A. R.},
	title = {DNA sequencing with chain-terminating inhibitors},
	volume = {74},
	number = {12},
	pages = {5463--5467},
	year = {1977},
	doi = {10.1073/pnas.74.12.5463},
	publisher = {National Academy of Sciences},
	issn = {0027-8424},
	URL = {https://www.pnas.org/content/74/12/5463},
	eprint = {https://www.pnas.org/content/74/12/5463.full.pdf},
	journal = {Proceedings of the National Academy of Sciences}
}

@misc{GFA,
title = "GFAformat",
url = "https://github.com/GFA-spec/GFA-spec",
}

@misc{phylogenetictree,
title = "phylogenetic",
url = "https://arthropoda.wordpress.com/2010/01/19/introduction-to-phylogenetics/",
}

@article{hickey2020genotyping,
  title={Genotyping structural variants in pangenome graphs using the vg toolkit},
  author={Hickey, Glenn and Heller, David and Monlong, Jean and Sibbesen, Jonas A and Sir{\'e}n, Jouni and Eizenga, Jordan and Dawson, Eric T and Garrison, Erik and Novak, Adam M and Paten, Benedict},
  journal={Genome biology},
  volume={21},
  number={1},
  pages={1--17},
  year={2020},
  publisher={BioMed Central}
}

@article{siren2020haplotype,
  title={Haplotype-aware graph indexes},
  author={Sir{\'e}n, Jouni and Garrison, Erik and Novak, Adam M and Paten, Benedict and Durbin, Richard},
  journal={Bioinformatics},
  volume={36},
  number={2},
  pages={400--407},
  year={2020},
  publisher={Oxford University Press}
}

@article{rhie2020towards,
  title={Towards complete and error-free genome assemblies of all vertebrate species},
  author={Rhie, Arang and McCarthy, Shane A and Fedrigo, Olivier and Damas, Joana and Formenti, Giulio and Koren, Sergey and Uliano-Silva, Marcela and Chow, William and Fungtammasan, Arkarachai and Gedman, Gregory L and others},
  journal={bioRxiv},
  year={2020},
  publisher={Cold Spring Harbor Laboratory}
}

@article{eizenga2020succinct,
  title={Succinct dynamic variation graphs},
  author={Eizenga, Jordan M and Novak, Adam M and Kobayashi, Emily and Villani, Flavia and Cisar, Cecilia and Heumos, Simon and Hickey, Glenn and Colonna, Vincenza and Paten, Benedict and Garrison, Erik},
  journal={BioRxiv},
  year={2020},
  publisher={Cold Spring Harbor Laboratory}
}

@article{martiniano2020removing,
  title={Removing reference bias and improving indel calling in ancient DNA data analysis by mapping to a sequence variation graph},
  author={Martiniano, Rui and Garrison, Erik and Jones, Eppie R and Manica, Andrea and Durbin, Richard},
  journal={BioRxiv},
  pages={782755},
  year={2020},
  publisher={Cold Spring Harbor Laboratory}
}

@article{llamas2019strategy,
  title={A strategy for building and using a human reference pangenome},
  author={Llamas, Bastien and Narzisi, Giuseppe and Schneider, Valerie and Audano, Peter A and Biederstedt, Evan and Blauvelt, Lon and Bradbury, Peter and Chang, Xian and Chin, Chen-Shan and Fungtammasan, Arkarachai and others},
  journal={F1000Research},
  volume={8},
  number={1751},
  pages={1751},
  year={2019},
  publisher={F1000 Research Limited}
}

@inproceedings{carletti2019graph,
  title={Graph-Based Representations for Supporting Genome Data Analysis and Visualization: Opportunities and Challenges},
  author={Carletti, Vincenzo and Foggia, Pasquale and Garrison, Erik and Greco, Luca and Ritrovato, Pierluigi and Vento, Mario},
  booktitle={International Workshop on Graph-Based Representations in Pattern Recognition},
  pages={237--246},
  year={2019},
  organization={Springer}
}

@article{siren2019supplement,
  title={Supplement to: Haplotype-aware graph indexes},
  author={Sir{\'e}n, Jouni and Garrison, Erik and Novak, Adam M and Paten, Benedict and Durbin, Richard},
  year={2019}
}

@article{chin2019diploid,
  title={A Diploid Assembly-based Benchmark for Variants in the Major Histocompatibility Complex},
  author={Chin, Chen-Shan and Wagner, Justin and Zeng, Qiandong and Garrison, Erik and Garg, Shilpa and Fungtammasan, Arkarachai and Rautiainen, Mikko and Marschall, Tobias and Dilthey, Alexander T and Zook, Justin M},
  journal={BioRxiv},
  pages={831792},
  year={2019},
  publisher={Cold Spring Harbor Laboratory}
}

@article{garrison2018variation,
  title={Variation graph toolkit improves read mapping by representing genetic variation in the reference},
  author={Garrison, Erik and Sir{\'e}n, Jouni and Novak, Adam M and Hickey, Glenn and Eizenga, Jordan M and Dawson, Eric T and Jones, William and Garg, Shilpa and Markello, Charles and Lin, Michael F and others},
  journal={Nature biotechnology},
  volume={36},
  number={9},
  pages={875--879},
  year={2018},
  publisher={Nature Publishing Group}
}

@article{garg2018graph,
  title={A graph-based approach to diploid genome assembly},
  author={Garg, Shilpa and Rautiainen, Mikko and Novak, Adam M and Garrison, Erik and Durbin, Richard and Marschall, Tobias},
  journal={Bioinformatics},
  volume={34},
  number={13},
  pages={i105--i114},
  year={2018},
  publisher={Oxford University Press}
}

@article{computational2018computational,
  title={Computational pan-genomics: status, promises and challenges},
  journal={Briefings in bioinformatics},
  volume={19},
  number={1},
  pages={118--135},
  year={2018},
  publisher={Oxford University Press}
}

@article{kanevskiy2019dimorphism,
  title={Dimorphism of HLA-E and Its Disease Association},
  author={Kanevskiy, Leonid and Erokhina, Sofya and Kobyzeva, Polina and Streltsova, Maria and Sapozhnikov, Alexander and Kovalenko, Elena},
  journal={International journal of molecular sciences},
  volume={20},
  number={21},
  pages={5496},
  year={2019},
  publisher={Multidisciplinary Digital Publishing Institute}
}


@article{westerheide1997hla,
  title={HLA-DMA and HLA-DMB gene expression functions through the conserved SXY region.},
  author={Westerheide, Sandy D and Louis-Plence, Pascale and Ping, Dongsheng and He, Xiao Fei and Boss, Jeremy M},
  journal={The Journal of Immunology},
  volume={158},
  number={10},
  pages={4812--4821},
  year={1997},
  publisher={Am Assoc Immnol}
}

@misc{HLA-C,
title = "HLA-C",
url = "https://www.ncbi.nlm.nih.gov/gene?cmd=Retrieve&dopt=full_report&list_uids=3107",
}

@article{Siren_2019,
  title={Haplotype-aware graph indexes},
  ISSN={1460-2059},
  url={http://dx.doi.org/10.1093/bioinformatics/btz575},
  DOI={10.1093/bioinformatics/btz575},
  journal={Bioinformatics},
  publisher={Oxford University Press (OUP)},
  author={Sirén, Jouni and Garrison, Erik and Novak, Adam M and Paten, Benedict and Durbin, Richard},
  editor={Valencia, AlfonsoEditor},
  year={2019},
  month={Jul}
}

@article{korneliussen2013calculation,
  title={Calculation of Tajima’s D and other neutrality test statistics from low depth next-generation sequencing data},
  author={Korneliussen, Thorfinn Sand and Moltke, Ida and Albrechtsen, Anders and Nielsen, Rasmus},
  journal={BMC bioinformatics},
  volume={14},
  number={1},
  pages={1--14},
  year={2013},
  publisher={BioMed Central}
}
